@article{DeLuca:2018mzn,
      author         = "De Luca, Valerio and Mitridate, Andrea and Redi, Michele
                        and Smirnov, Juri and Strumia, Alessandro",
      title          = "{Colored Dark Matter}",
      journal        = "Phys. Rev.",
      volume         = "D97",
      year           = "2018",
      number         = "11",
      pages          = "115024",
      doi            = "10.1103/PhysRevD.97.115024",
      eprint         = "1801.01135",
      archivePrefix  = "arXiv",
      primaryClass   = "hep-ph",
      reportNumber   = "IFUP-TH-2017, CERN-TH-2017-283, IFUP-TH/2017",
      SLACcitation   = "%%CITATION = ARXIV:1801.01135;%%"
}
@article{Reig:2018mdk,
      author         = "Reig, M. and Restrepo, D. and Valle, J. W. F. and Zapata,
                        O.",
      title          = "{Bound-state dark matter and Dirac neutrino masses}",
      journal        = "Phys. Rev.",
      volume         = "D97",
      year           = "2018",
      number         = "11",
      pages          = "115032",
      doi            = "10.1103/PhysRevD.97.115032",
      eprint         = "1803.08528",
      archivePrefix  = "arXiv",
      primaryClass   = "hep-ph",
      reportNumber   = "IFIC/18-XXX, IFIC-18-XXX",
      SLACcitation   = "%%CITATION = ARXIV:1803.08528;%%"
}

@article{Abdullah:2018ets,
      author         = "Abdullah, Mohammad and Calle, Julian and Dutta, Bhaskar
                        and Flórez, Andrés and Restrepo, Diego",
      title          = "{Probing a simplified, $W^{\prime}$ model of
                        $R(D^{(\ast)})$ anomalies using $b$-tags, $\tau$ leptons
                        and missing energy}",
      journal        = "Phys. Rev.",
      volume         = "D98",
      year           = "2018",
      number         = "5",
      pages          = "055016",
      doi            = "10.1103/PhysRevD.98.055016",
      eprint         = "1805.01869",
      archivePrefix  = "arXiv",
      primaryClass   = "hep-ph",
      reportNumber   = "MI-TH-1881",
      SLACcitation   = "%%CITATION = ARXIV:1805.01869;%%"
}

@article{Bernal:2018aon,
      author         = "Bernal, Nicolás and Restrepo, Diego and Yaguna, Carlos
                        and Zapata, Óscar",
      title          = "{Two-component dark matter and a massless neutrino in a
                        new $B-L$ model}",
      journal        = "Phys. Rev.",
      volume         = "D99",
      year           = "2019",
      number         = "1",
      pages          = "015038",
      doi            = "10.1103/PhysRevD.99.015038",
      eprint         = "1808.03352",
      archivePrefix  = "arXiv",
      primaryClass   = "hep-ph",
      SLACcitation   = "%%CITATION = ARXIV:1808.03352;%%"
}

@article{Reig:2018ztc,
      author         = "Reig, M. and Restrepo, D. and Valle, J. W. F. and Zapata,
                        O.",
      title          = "{Bound-state dark matter with Majorana neutrinos}",
      journal        = "Phys. Lett.",
      volume         = "B790",
      year           = "2019",
      pages          = "303-307",
      doi            = "10.1016/j.physletb.2019.01.023",
      eprint         = "1806.09977",
      archivePrefix  = "arXiv",
      primaryClass   = "hep-ph",
      reportNumber   = "IFIC/18-XXX, IFIC-18-XXX",
      SLACcitation   = "%%CITATION = ARXIV:1806.09977;%%"
}

@article{Yao:2018ekp,
      author         = "Yao, Chang-Yuan and Ding, Gui-Jun",
      title          = "{Systematic analysis of Dirac neutrino masses from a
                        dimension five operator}",
      journal        = "Phys. Rev.",
      volume         = "D97",
      year           = "2018",
      number         = "9",
      pages          = "095042",
      doi            = "10.1103/PhysRevD.97.095042",
      eprint         = "1802.05231",
      archivePrefix  = "arXiv",
      primaryClass   = "hep-ph",
      reportNumber   = "USTC-ICTS-18-05",
      SLACcitation   = "%%CITATION = ARXIV:1802.05231;%%"
}

@article{Ma:2014qra,
      author         = "Ma, Ernest and Srivastava, Rahul",
      title          = "{Dirac or inverse seesaw neutrino masses with $B-L$ gauge
                        symmetry and $S_3$ flavor symmetry}",
      journal        = "Phys. Lett.",
      volume         = "B741",
      year           = "2015",
      pages          = "217-222",
      doi            = "10.1016/j.physletb.2014.12.049",
      eprint         = "1411.5042",
      archivePrefix  = "arXiv",
      primaryClass   = "hep-ph",
      SLACcitation   = "%%CITATION = ARXIV:1411.5042;%%"
}

@article{Calle:2018ovc,
      author         = "Calle, Julian and Restrepo, Diego and Yaguna, Carlos E.
                        and Zapata, Óscar",
      title          = "{Minimal radiative Dirac neutrino mass models}",
      journal        = "Phys. Rev.",
      volume         = "D99",
      year           = "2019",
      number         = "7",
      pages          = "075008",
      doi            = "10.1103/PhysRevD.99.075008",
      eprint         = "1812.05523",
      archivePrefix  = "arXiv",
      primaryClass   = "hep-ph",
      SLACcitation   = "%%CITATION = ARXIV:1812.05523;%%"
}
